@online{openframeworks,
	title = {openFrameworks},
	url = {http://www.openframeworks.cc},
	urldate = {2014-05-01},
}

@online{ofxUI,
	title = {ofxUI addon},
	url = {https://github.com/groolot/ofxUI},
	urldate = {2014-05-22},
}

@online{REZAALI,
	title = {Ali Reza - ofxUI creator},
	url = {http://www.syedrezaali.com},
	urldate = {2014-05-22},
}

@online{OF_TUTORIALS_ofauckland,
  title = 	 {openFrameworks tutorials},
  url = 	 {https://sites.google.com/site/ofauckland/examples/6-addons---ofxsimpleguitoo},
}

